<?xml version='1.0' encoding='UTF-8'?>
<record xmlns='info:lc/xmlns/marcxchange-v1' xmlns:xsi='http://www.w3.org/2001/XMLSchema-instance' xsi:schemaLocation='info:lc/xmlns/marcxchange-v1 http://www.loc.gov/standards/iso25577/marcxchange-1-1.xsd'><leader>00000n    2200000   4500</leader><datafield ind1='0' ind2='0' tag='001'><subfield code='a'>21921173</subfield><subfield code='b'>191919</subfield><subfield code='c'>20190405013744</subfield><subfield code='d'>19971118</subfield><subfield code='f'>a</subfield></datafield><datafield ind1='0' ind2='0' tag='004'><subfield code='r'>n</subfield><subfield code='a'>e</subfield></datafield><datafield ind1='0' ind2='0' tag='008'><subfield code='t'>m</subfield><subfield code='u'>r</subfield><subfield code='a'>1997</subfield><subfield code='z'>1997</subfield><subfield code='b'>dk</subfield><subfield code='k'>a</subfield><subfield code='l'>dan</subfield><subfield code='v'>0</subfield><subfield code='&amp;'>f</subfield></datafield><datafield ind1='0' ind2='0' tag='009'><subfield code='a'>a</subfield><subfield code='g'>xx</subfield></datafield><datafield ind1='0' ind2='0' tag='021'><subfield code='a'>87-11-15065-3</subfield><subfield code='c'>hf.</subfield><subfield code='d'>kr. 248,00</subfield></datafield><datafield ind1='0' ind2='0' tag='032'><subfield code='a'>DBF199811</subfield><subfield code='x'>SFD199811</subfield><subfield code='x'>BKR200849</subfield></datafield><datafield ind1='0' ind2='0' tag='100'><subfield code='5'>870979</subfield><subfield code='6'>68285526</subfield><subfield code='a'>Engell</subfield><subfield code='h'>Hans</subfield></datafield><datafield ind1='0' ind2='0' tag='245'><subfield code='a'>På Slotsholmen</subfield><subfield code='e'>Hans Engel</subfield></datafield><datafield ind1='0' ind2='0' tag='250'><subfield code='a'>1. udgave</subfield><subfield code='x'>3. oplag</subfield><subfield code='b'>÷</subfield></datafield><datafield ind1='0' ind2='0' tag='260'><subfield code='&amp;'>1</subfield><subfield code='a'>[Kbh.]</subfield><subfield code='b'>Aschehoug</subfield><subfield code='c'>1997</subfield><subfield code='k'>Nørhaven, Viborg</subfield></datafield><datafield ind1='0' ind2='0' tag='300'><subfield code='a'>455 sider</subfield><subfield code='b'>ill.</subfield></datafield><datafield ind1='0' ind2='0' tag='504'><subfield code='&amp;'>1</subfield><subfield code='a'>Hans Engell (f. 1948), der i 1997 gik af som konservativ partileder, beskriver det politiske liv på Slotsholmen fra han i 1978 startede som pressechef til han i 1993 sluttede som justitsminister, da Tamilsagen tvang Schlüter-regeringen til at gå</subfield></datafield><datafield ind1='0' ind2='0' tag='520'><subfield code='a'>Tidligere: 1. udgave. 1997</subfield></datafield><datafield ind1='0' ind2='0' tag='521'><subfield code='a'>1. oplag</subfield><subfield code='c'>1997</subfield></datafield><datafield ind1='0' ind2='0' tag='521'><subfield code='a'>2. oplag</subfield><subfield code='c'>1997</subfield></datafield><datafield ind1='0' ind2='0' tag='521'><subfield code='b'>3. oplag</subfield><subfield code='c'>1997</subfield></datafield><datafield ind1='0' ind2='0' tag='526'><subfield code='&amp;'>1</subfield><subfield code='i'>Samhørende</subfield><subfield code='t'>På Slotsholmen</subfield><subfield code='t'>Farvel til Slotsholmen</subfield></datafield><datafield ind1='0' ind2='0' tag='600'><subfield code='a'>Engell</subfield><subfield code='h'>Hans</subfield></datafield><datafield ind1='0' ind2='0' tag='610'><subfield code='a'>Det ¤Konservative Folkeparti</subfield></datafield><datafield ind1='0' ind2='0' tag='652'><subfield code='n'>96.72</subfield><subfield code='z'>99</subfield><subfield code='a'>Engell</subfield><subfield code='h'>Hans</subfield></datafield><datafield ind1='0' ind2='0' tag='652'><subfield code='o'>96.72</subfield></datafield><datafield ind1='0' ind2='0' tag='652'><subfield code='p'>99.4</subfield><subfield code='a'>Engell</subfield><subfield code='h'>Hans</subfield></datafield><datafield ind1='0' ind2='0' tag='652'><subfield code='q'>32.263</subfield><subfield code='z'>99</subfield><subfield code='a'>Engell</subfield><subfield code='h'>Hans</subfield></datafield><datafield ind1='0' ind2='0' tag='652'><subfield code='r'>32.263</subfield></datafield><datafield ind1='0' ind2='0' tag='666'><subfield code='0'></subfield><subfield code='f'>politiske partier</subfield></datafield><datafield ind1='0' ind2='0' tag='666'><subfield code='0'></subfield><subfield code='f'>politikere</subfield></datafield><datafield ind1='0' ind2='0' tag='666'><subfield code='0'></subfield><subfield code='f'>politiske forhold</subfield></datafield><datafield ind1='0' ind2='0' tag='666'><subfield code='0'></subfield><subfield code='i'>1980-1989</subfield></datafield><datafield ind1='0' ind2='0' tag='666'><subfield code='0'></subfield><subfield code='i'>1990-1999</subfield></datafield><datafield ind1='0' ind2='0' tag='666'><subfield code='0'></subfield><subfield code='f'>politik</subfield></datafield><datafield ind1='0' ind2='0' tag='666'><subfield code='0'></subfield><subfield code='f'>historie</subfield></datafield><datafield ind1='0' ind2='0' tag='666'><subfield code='0'></subfield><subfield code='e'>Danmark</subfield></datafield><datafield ind1='0' ind2='0' tag='666'><subfield code='0'></subfield><subfield code='o'>erindringer</subfield></datafield><datafield ind1='0' ind2='0' tag='990'><subfield code='r'>200849</subfield><subfield code='b'>v</subfield><subfield code='c'>a</subfield><subfield code='m'>Samhørende-note tilføjet</subfield><subfield code='m'>Rettelse</subfield><subfield code='u'>op</subfield></datafield><datafield ind1='0' ind2='0' tag='990'><subfield code='b'>l</subfield></datafield><datafield ind1='0' ind2='0' tag='996'><subfield code='a'>DBC</subfield></datafield><datafield ind1='0' ind2='0' tag='d08'><subfield code='a'>ls+nø+bhn- mn (2. opl. opdat. 9801)- sidst 9750</subfield><subfield code='r'>psc</subfield><subfield code='a'>526 tilf.</subfield></datafield><datafield ind1='0' ind2='0' tag='d08'><subfield code='a'>AutSupUdenAjour</subfield></datafield><datafield ind1='0' ind2='0' tag='d08'><subfield code='a'>Tilf. 990b med indhold l ved masserettelse april 2019</subfield></datafield><datafield ind1='0' ind2='0' tag='f06'><subfield code='b'>v</subfield><subfield code='m'>Samhørende-note tilføjet</subfield><subfield code='m'>Rettelse</subfield></datafield><datafield ind1='0' ind2='0' tag='n50'><subfield code='a'>20081201</subfield></datafield><datafield ind1='0' ind2='0' tag='z98'><subfield code='a'>Minus korrekturprint</subfield></datafield><datafield ind1='0' ind2='0' tag='z99'><subfield code='a'>masseret</subfield></datafield></record>